@article{Munda1992,
author = {Munda, Ivka M.},
doi = {10.1007/BF00019962},
file = {:C$\backslash$:/Users/BioPol VS/Documents/Vinnumappa/lesefni/þ{\"{o}}rungar/munda1992.pdf:pdf},
issn = {00188158},
journal = {Hydrobiologia},
keywords = {Icelandic seaweeds,algal association,hydrographic conditions,northern Iceland,vegetation gradient,zonation patterns},
number = {3},
pages = {133--147},
title = {{Gradient in seaweed vegetation patterns along the North Icelandic coast, related to hydrographic conditions}},
volume = {242},
year = {1992}
}

@incollection{karl1997,
address = {Reykjav{\'{i}}k},
booktitle = {Þari},
file = {:C$\backslash$:/Users/BioPol VS/Documents/Vinnumappa/lesefni/þ{\"{o}}rungar/thari.pdf:pdf},
isbn = {9979-0-0108-9},
publisher = {N{\'{a}}msgagnastofnun og Hafranns{\'{o}}knastofnun},
title = {{Þari eftir Karl Gunnarsson}},
url = {https://www1.nams.is/hafid/pdf/thari.pdf},
year = {1997}
}

@techreport{Jonsdottir2011,
author = {J{\'{o}}nsd{\'{o}}ttir, Eyd{\'{i}}s Mary},
file = {:C$\backslash$:/Users/BioPol VS/AppData/Local/Mendeley Ltd./Mendeley Desktop/Downloaded/J{\'{o}}nsd{\'{o}}ttir - 2011 - Fj{\"{o}}runytjar {\'{a}} Suðurnesjum.pdf:pdf},
title = {{Fj{\"{o}}runytjar {\'{a}} Suðurnesjum}},
year = {2011}
}
